<?xml version="1.0" encoding="UTF-8"?><collection xmlns="http://www.loc.gov/MARC21/slim"><record><leader>00398nam--2200133-i-4500</leader><controlfield tag="001">000035502</controlfield><controlfield tag="002">20161230</controlfield><controlfield tag="005">20161230201040</controlfield><controlfield tag="008">060222s1000------------r-----000-0-eng-d</controlfield><datafield ind1=" " ind2=" " tag="080"><subfield code="a">621.039.562(043)</subfield></datafield><datafield ind1=" " ind2=" " tag="100"><subfield code="a">Nasr, Mohamed</subfield></datafield><datafield ind1=" " ind2=" " tag="245"><subfield code="a">Etude des poisons consommables et qualification du gadolinium dans les reacteurs a eau.these</subfield></datafield><datafield ind1=" " ind2=" " tag="260"><subfield code="a">Orsay, Universite De Paris, 1979. 249p</subfield></datafield><datafield ind1=" " ind2=" " tag="852"><subfield code="a">49718</subfield></datafield></record></collection>